@article{aha1991instance,
  title={Instance-based learning algorithms},
  author={Aha, David W and Kibler, Dennis and Albert, Marc K},
  journal={Machine learning},
  volume={6},
  number={1},
  pages={37--66},
  year={1991},
  publisher={Springer}
}

@inproceedings{daelemans2002evaluation,
  title={Evaluation of machine learning methods for natural language processing tasks},
  author={Daelemans, Walter and Hoste, V{\'e}ronique},
  booktitle={3rd International conference on Language Resources and Evaluation (LREC 2002)},
  year={2002},
  organization={European Language Resources Association (ELRA)}
}

@inproceedings{daelemans2003combined,
  title={Combined optimization of feature selection and algorithm parameters in machine learning of language},
  author={Daelemans, Walter and Hoste, V{\'e}ronique and De Meulder, Fien and Naudts, Bart},
  booktitle={ECML},
  pages={84--95},
  year={2003},
  organization={Springer}
}

@article{daelemans2004timbl,
  title={Timbl: Tilburg memory-based learner},
  author={Daelemans, Walter and Zavrel, Jakub and van der Sloot, Kurt and Van den Bosch, Antal},
  journal={Tilburg University},
  year={2004}
}

@inproceedings{dinu2007sometimes,
  title={Sometimes less is more: Romanian word sense disambiguation revisited},
  author={Dinu, Georgiana and K{\"u}bler, Sandra},
  booktitle={Proceedings of the International Conference on Recent Advances in Natural Language Processing, RANLP},
  year={2007}
}

@inproceedings{kubler2009semi,
  title={Semi-Supervised Learning for Word Sense Disambiguation: Quality vs. Quantity.},
  author={K{\"u}bler, Sandra and Zhekova, Desislava},
  booktitle={RANLP},
  pages={197--202},
  year={2009}
}

@incollection{le2006investigating,
  title={Investigating problems of semi-supervised learning for word sense disambiguation},
  author={Le, Anh-Cuong and Shimazu, Akira and Nguyen, Le-Minh},
  booktitle={Computer Processing of Oriental Languages. Beyond the Orient: The Research Challenges Ahead},
  pages={482--489},
  year={2006},
  publisher={Springer}
}

@article{mihalcea2004evaluation,
  title={An evaluation exercise for Romanian word sense disambiguation},
  author={Mihalcea, Rada and Nastase, Vivi and Chklovski, Timothy Anatolievich and Tatar, Doina and Tufis, Dan and Hristea, Florentina T},
  year={2004}
}

@article{mooney1996comparative,
  title={Comparative experiments on disambiguating word senses: An illustration of the role of bias in machine learning},
  author={Mooney, Raymond J},
  journal={arXiv preprint cmp-lg/9612001},
  year={1996}
}

@article{veenstra2000memory,
  title={Memory-based word sense disambiguation},
  author={Veenstra, Jorn and Van den Bosch, Antal and Buchholz, Sabine and Daelemans, Walter and others},
  journal={Computers and the Humanities},
  volume={34},
  number={1-2},
  pages={171--177},
  year={2000},
  publisher={Springer}
}

